01REMESSA01COBRANCA       12345678901234567890NOME DA EMPRESA         001BANCO EXEMPLO       25082025                                                                                          000001                                                                                                                                                                                                           
1025000001234567890000000000000001234562508250000000010000CLIENTE UM                              0000000000000000000000000000000000000000000000000000000000000000000000000000000000000000000000000000000000000000000000000000000000000000000000000000000000000000000000000000000000000000000000000000000000000000000000000000000000000000000000000000000000002                                                 
1025000001234567890000000000000001234572508250000000005000CLIENTE DOIS                            0000000000000000000000000000000000000000000000000000000000000000000000000000000000000000000000000000000000000000000000000000000000000000000000000000000000000000000000000000000000000000000000000000000000000000000000000000000000000000000000000000000000003                                                 
9                                                                                                                                                                                                                                                                                                                                                                                                        000003 
